<record><leader>00000cas a2200000 a 4500</leader><controlfield tag="001">36860933</controlfield><controlfield tag="008">970506d19uu19uufluwr ne      0    0eng c</controlfield><datafield ind1=" " ind2=" " tag="010"><subfield code="a">sn 97027768 </subfield></datafield><datafield ind1=" " ind2=" " tag="040"><subfield code="a">FUG</subfield><subfield code="b">eng</subfield><subfield code="c">FUG</subfield><subfield code="d">OCLCQ</subfield><subfield code="d">OCLCF</subfield><subfield code="d">OCLCO</subfield></datafield><datafield ind1="1" ind2=" " tag="029"><subfield code="a">AU@</subfield><subfield code="b">000013250336</subfield></datafield><datafield ind1=" " ind2=" " tag="042"><subfield code="a">pcc</subfield></datafield><datafield ind1=" " ind2=" " tag="043"><subfield code="a">n-us-fl</subfield></datafield><datafield ind1="0" ind2="4" tag="245"><subfield code="a">The Naples star.</subfield></datafield><datafield ind1="1" ind2="3" tag="246"><subfield code="a">Star</subfield></datafield><datafield ind1=" " ind2=" " tag="260"><subfield code="a">[Naples, Fla. :</subfield><subfield code="b">S.n.]</subfield></datafield><datafield ind1=" " ind2=" " tag="300"><subfield code="a">v. :</subfield><subfield code="b">ill.</subfield></datafield><datafield ind1=" " ind2=" " tag="310"><subfield code="a">Weekly</subfield></datafield><datafield ind1=" " ind2=" " tag="588"><subfield code="a">Description based on: Vol. 20, no. 5 (Jan. 26, 1986).</subfield></datafield><datafield ind1=" " ind2="0" tag="651"><subfield code="a">Naples (Fla.)</subfield><subfield code="v">Newspapers.</subfield></datafield><datafield ind1=" " ind2="0" tag="651"><subfield code="a">Collier County (Fla.)</subfield><subfield code="v">Newspapers.</subfield></datafield><datafield ind1=" " ind2="7" tag="655"><subfield code="a">Newspapers.</subfield><subfield code="2">fast</subfield><subfield code="0">(OCoLC)fst01423814</subfield></datafield><datafield ind1=" " ind2="7" tag="651"><subfield code="a">Florida</subfield><subfield code="z">Collier County.</subfield><subfield code="2">fast</subfield><subfield code="0">(OCoLC)fst01215459</subfield></datafield><datafield ind1=" " ind2="7" tag="651"><subfield code="a">Florida</subfield><subfield code="z">Naples.</subfield><subfield code="2">fast</subfield><subfield code="0">(OCoLC)fst01213255</subfield></datafield><datafield ind1=" " ind2=" " tag="752"><subfield code="a">United States</subfield><subfield code="b">Florida</subfield><subfield code="c">Collier</subfield><subfield code="d">Naples.</subfield></datafield><datafield ind1="0" ind2="5" tag="780"><subfield code="t">Golden Gate gazette (Naples, Fla.)</subfield><subfield code="w">(DLC)sn 97027742</subfield><subfield code="w">(OCoLC)36843184</subfield></datafield></record>